<?xml version="1.0" encoding="UTF-8"?><collection xmlns="http://www.loc.gov/MARC21/slim"><record><leader>00327nam--2200121-i-4500</leader><controlfield tag="001">000025427</controlfield><controlfield tag="002">20161230</controlfield><controlfield tag="005">20161230201035</controlfield><controlfield tag="008">060222s1000------------r-----000-0-eng-d</controlfield><datafield ind1=" " ind2=" " tag="080"><subfield code="a">061.6</subfield></datafield><datafield ind1=" " ind2=" " tag="245"><subfield code="a">Institut nationsl des sciences et technology nucleaires</subfield></datafield><datafield ind1=" " ind2=" " tag="260"><subfield code="a">Paris, Commissariat A L`Energie Atomique. 71p</subfield></datafield><datafield ind1=" " ind2=" " tag="852"><subfield code="a">25424</subfield></datafield></record></collection>